<?xml version="1.0" encoding="utf-8"?>
<record xmlns="http://www.loc.gov/MARC21/slim" xmlns:xsi="http://www.w3.org/2001/XMLSchema-instance" xsi:schemaLocation="http://www.loc.gov/MARC21/slim http://www.loc.gov/standards/marcxml/schema/MARC21slim.xsd">
	<leader>     nam a22     Mi 4500</leader>
	<controlfield tag="001">784685</controlfield>
	<controlfield tag="003">NjP</controlfield>
	<controlfield tag="006">m        d        </controlfield>
	<controlfield tag="007">cr cn |||m|||a</controlfield>
	<controlfield tag="008">180802s1982    ir a    o     000 0 ara d</controlfield>
	<datafield ind1="7" ind2=" " tag="024">
		<subfield code="a">princeton_aco001229</subfield>
		<subfield code="2">local</subfield>
	</datafield>
	<datafield ind1=" " ind2=" " tag="040">
		<subfield code="a">ZYU</subfield>
		<subfield code="b">eng</subfield>
		<subfield code="c">ZYU</subfield>
	</datafield>
	<datafield ind1=" " ind2=" " tag="041">
		<subfield code="a">ara</subfield>
		<subfield code="a">per</subfield>
	</datafield>
	<datafield ind1=" " ind2="4" tag="050">
		<subfield code="a">BP188.9.I243</subfield>
		<subfield code="b">J3 1982</subfield>
	</datafield>
	<datafield ind1="1" ind2=" " tag="100">
		<subfield code="6">880-01</subfield>
		<subfield code="a">Jandī, Muʼayyid al-Dīn.</subfield>
	</datafield>
	<datafield ind1="1" ind2="0" tag="245">
		<subfield code="6">880-02</subfield>
		<subfield code="a">Sharḥ fuṣūṣ al-ḥikam</subfield>
		<subfield code="h">[electronic resource] /</subfield>
		<subfield code="c">taʾlīf Mūʾayyid al-Dīn Jandī ; taʻlīq wa-taṣḥīḥ Jalāl al-Dīn Āshtiyānī.</subfield>
	</datafield>
	<datafield ind1=" " ind2=" " tag="260">
		<subfield code="6">880-03</subfield>
		<subfield code="a">Mashhad :</subfield>
		<subfield code="b">Intishārāt-i Dānishgāh-i Mashhad,</subfield>
		<subfield code="c">1361 [i.e. 1982]</subfield>
	</datafield>
	<datafield ind1=" " ind2=" " tag="300">
		<subfield code="a">online resource (48, 699 p.) :</subfield>
		<subfield code="b">ill.</subfield>
	</datafield>
	<datafield ind1="1" ind2=" " tag="490">
		<subfield code="6">880-04</subfield>
		<subfield code="a">Intishārāt-i Dānishgāh-i Mashhad ;</subfield>
		<subfield code="v">shumārah-i 80</subfield>
	</datafield>
	<datafield ind1=" " ind2=" " tag="500">
		<subfield code="a">Title on added t.p.: Sharḥ Fuṣūs al-ḥikam (A commentary of Ibn al-ʻArabī's Fuṣūṣ al-ḥikam).</subfield>
	</datafield>
	<datafield ind1=" " ind2=" " tag="500">
		<subfield code="a">Introd. in Persian.</subfield>
	</datafield>
	<datafield ind1=" " ind2=" " tag="500">
		<subfield code="a">Part of the Arabic Collections Online (ACO) project, contributed by Princeton University Libraries.</subfield>
	</datafield>
	<datafield ind1=" " ind2=" " tag="533">
		<subfield code="a">Electronic reproduction.</subfield>
		<subfield code="b">New York, N.Y. :</subfield>
		<subfield code="c">New York University,</subfield>
		<subfield code="d">2018.</subfield>
		<subfield code="5">NNU</subfield>
	</datafield>
	<datafield ind1="0" ind2="0" tag="600">
		<subfield code="6">880-05</subfield>
		<subfield code="a">Ibn al-ʻArabī,</subfield>
		<subfield code="d">1165-1240.</subfield>
		<subfield code="t">Fuṣūṣ al-ḥikam.</subfield>
	</datafield>
	<datafield ind1=" " ind2="0" tag="650">
		<subfield code="a">Sufism</subfield>
		<subfield code="x">Early works to 1800.</subfield>
	</datafield>
	<datafield ind1="1" ind2=" " tag="700">
		<subfield code="6">880-06</subfield>
		<subfield code="a">Āshtiyānī, Jalāl al-Dīn.</subfield>
	</datafield>
	<datafield ind1="0" ind2="2" tag="700">
		<subfield code="6">880-07</subfield>
		<subfield code="a">Ibn al-ʻArabī,</subfield>
		<subfield code="d">1165-1240.</subfield>
		<subfield code="t">Fuṣūs al-ḥikam.</subfield>
	</datafield>
	<datafield ind1="2" ind2=" " tag="710">
		<subfield code="a">Princeton University.</subfield>
		<subfield code="b">Library.</subfield>
	</datafield>
	<datafield ind1="0" ind2=" " tag="730">
		<subfield code="a">Arabic Collections Online.</subfield>
	</datafield>
	<datafield ind1="0" ind2=" " tag="740">
		<subfield code="6">880-08</subfield>
		<subfield code="a">Sharḥ Fuṣūs al-ḥikam (A commentary of Ibn al-ʻArabī's Fuṣūṣ al-ḥikam).</subfield>
	</datafield>
	<datafield ind1="0" ind2=" " tag="740">
		<subfield code="6">880-09</subfield>
		<subfield code="a">Commentary of Ibn al-ʻArabī's Fuṣūṣ al-ḥikam.</subfield>
	</datafield>
	<datafield ind1="0" ind2="8" tag="776">
		<subfield code="i">Print version:</subfield>
		<subfield code="a">Jandī, Muʼayyid al-Dīn.</subfield>
		<subfield code="t">Sharḥ fuṣūṣ al-ḥikam</subfield>
		<subfield code="w">(NjP)784685</subfield>
	</datafield>
	<datafield ind1=" " ind2="0" tag="830">
		<subfield code="6">880-10</subfield>
		<subfield code="a">Intishārāt-i Dānishgāh-i Mashhad ;</subfield>
		<subfield code="v">shumārah-i 80.</subfield>
	</datafield>
	<datafield ind1="4" ind2="0" tag="856">
		<subfield code="u">http://hdl.handle.net/2333.1/1jwstx5x</subfield>
	</datafield>
	<datafield ind1="1" ind2=" " tag="880">
		<subfield code="6">100-01</subfield>
		<subfield code="a">جندي، مؤيد الدين.‎‎</subfield>
	</datafield>
	<datafield ind1="1" ind2="0" tag="880">
		<subfield code="6">245-02</subfield>
		<subfield code="a">شرح فصوص الحكم /‎‎</subfield>
		<subfield code="c">تأليف مؤيد الدين الجندى ؛ تعليق وتصحيح جلال الدين آشتيانى.‎‎</subfield>
	</datafield>
	<datafield ind1=" " ind2=" " tag="880">
		<subfield code="6">260-03</subfield>
		<subfield code="a">مشهد :‎‎</subfield>
		<subfield code="b">انتشارات دانشگاه مشهد،‎‎</subfield>
		<subfield code="c">1361 [i.e. 1982]</subfield>
	</datafield>
	<datafield ind1="1" ind2=" " tag="880">
		<subfield code="6">490-04</subfield>
		<subfield code="a">انتشارات دانشگاه مشهد ؛‎‎</subfield>
		<subfield code="v">شماره 80‎‎</subfield>
	</datafield>
	<datafield ind1="0" ind2="0" tag="880">
		<subfield code="6">600-05</subfield>
		<subfield code="a">ابن العربي،‎‎</subfield>
		<subfield code="d">1165-1240.</subfield>
		<subfield code="t">فصوص الحكم.‎‎</subfield>
	</datafield>
	<datafield ind1="1" ind2=" " tag="880">
		<subfield code="6">700-06</subfield>
		<subfield code="a">آشتياني، جلال الدين.‎‎</subfield>
	</datafield>
	<datafield ind1="0" ind2="2" tag="880">
		<subfield code="6">700-07</subfield>
		<subfield code="a">ابن العربي،‎‎</subfield>
		<subfield code="d">1165-1240.</subfield>
		<subfield code="t">فصوس الحكم.‎‎</subfield>
	</datafield>
	<datafield ind1="0" ind2=" " tag="880">
		<subfield code="6">740-08</subfield>
		<subfield code="a">شرح فصوس الحكم (A commentary of Ibn al-ʻArabī's Fuṣūṣ al-ḥikam).‎‎</subfield>
	</datafield>
	<datafield ind1="0" ind2=" " tag="880">
		<subfield code="6">740-09</subfield>
		<subfield code="a">Commentary of Ibn al-ʻArabī's  فصوص الحكم.‎‎</subfield>
	</datafield>
	<datafield ind1=" " ind2="0" tag="880">
		<subfield code="6">830-10</subfield>
		<subfield code="a">انتشاراتا دانشگاها مشهد ؛‎‎</subfield>
		<subfield code="v">شمارها 80.‎‎</subfield>
	</datafield>
	<datafield ind1=" " ind2=" " tag="911">
		<subfield code="a">19930311</subfield>
	</datafield>
	<datafield ind1=" " ind2=" " tag="912">
		<subfield code="a">19930204000000.0</subfield>
	</datafield>
	<datafield ind1=" " ind2=" " tag="959">
		<subfield code="a">NNU</subfield>
		<subfield code="b">WEB</subfield>
		<subfield code="c">GENI</subfield>
		<subfield code="t">0</subfield>
		<subfield code="m">Electronic access</subfield>
		<subfield code="s">01</subfield>
	</datafield>
	<datafield ind1=" " ind2=" " tag="999">
		<subfield code="i">NjP_784685</subfield>
		<subfield code="s">princeton_aco001229</subfield>
		<subfield code="e">(ERROR-880)(ERROR-MISC)</subfield>
		<subfield code="s">princeton_aco001229</subfield>
	</datafield>
</record>
